% Encoding: UTF-8

@Article{particle-flow-1748-0221-12-10-P10003,
  author      = {A.M. Sirunyan and others},
  title       = {Particle-flow reconstruction and global event description with the CMS detector},
  journal     = {Journal of Instrumentation},
  year        = {2017},
  volume      = {12},
  number      = {10},
  pages       = {P10003},
  month       = jun,
  doi         = {10.1088/1748-0221/12/10/P10003},
  eprint      = {1706.04965v2},
  eprintclass = {physics.ins-det},
  eprinttype  = {arXiv},
  keywords    = {physics.ins-det, hep-ex},
  url         = {http://stacks.iop.org/1748-0221/12/i=10/a=P10003},
}

@Article{CMS-PAS-HIG-17-020,
  title         = {{Search for additional neutral MSSM Higgs bosons in the di-tau final state in $pp$ collisions at $\sqrt{s}=13$ TeV}},
  journal       = {Journal of High Energy Physics},
  year          = {2018},
  volume        = {09},
  number        = {007},
  month         = sep,
  address       = {Geneva},
  collaboration = {The CMS Collaboration},
  doi           = {10.1007/JHEP09(2018)007},
  institution   = {CERN},
  reportnumber  = {CMS-HIG-17-020, CERN-EP-2018-026},
  slaccitation  = {%%CITATION = ARXIV:1803.06553;%%},
}

@Article{CMS:2015ooa,
  author        = {Khachatryan, Vardan and others},
  title         = {{Search for neutral MSSM Higgs bosons decaying to $\mu^{+} \mu^{-}$ in pp collisions at $ \sqrt{s} =$ 7 and 8 TeV}},
  journal       = {Physics Letters},
  year          = {2016},
  volume        = {B752},
  pages         = {221-246},
  archiveprefix = {arXiv},
  collaboration = {The CMS Collaboration},
  doi           = {10.1016/j.physletb.2015.11.042},
  eprint        = {1508.01437},
  primaryclass  = {hep-ex},
  reportnumber  = {CMS-HIG-13-024, CERN-PH-EP-2015-148},
  slaccitation  = {%%CITATION = ARXIV:1508.01437;%%},
}

@Article{Khachatryan:2015dfa,
  author        = {Khachatryan, Vardan and others},
  title         = {Reconstruction and identification of tau lepton decays to hadrons and tau neutrino at CMS},
  journal       = {Journal of Instrumentation},
  year          = {2016},
  volume        = {11},
  number        = {1},
  pages         = {P01019},
  collaboration = {The CMS Collaboration},
  doi           = {10.1088/1748-0221/11/01/P01019},
  eprint        = {1510.07488},
  eprintclass   = {physics.ins-det},
  eprinttype    = {arXiv},
  keywords      = {physics.ins-det, hep-ex},
  reportnumber  = {CMS-TAU-14-001, CERN-PH-EP-2015-261},
  slaccitation  = {%%CITATION = ARXIV:1510.07488;%%},
}

@Article{Khachatryan:2015pea,
  author        = {Khachatryan, Vardan and others},
  title         = {Event generator tunes obtained from underlying event and multiparton scattering measurements},
  journal       = {European Physical Journal},
  year          = {2016},
  volume        = {C76},
  number        = {3},
  pages         = {155},
  archiveprefix = {arXiv},
  collaboration = {The CMS Collaboration},
  doi           = {10.1140/epjc/s10052-016-3988-x},
  eprint        = {1512.00815},
  eprintclass   = {hep-ex},
  eprinttype    = {arXiv},
  keywords      = {hep-ex},
  primaryclass  = {hep-ex},
  reportnumber  = {CMS-GEN-14-001, CERN-PH-EP-2015-291},
  slaccitation  = {%%CITATION = ARXIV:1512.00815;%%},
}

@Article{Sjostrand:2014zea,
  author        = {Torbjörn Sjöstrand and Stefan Ask and Jesper R. Christiansen and Richard Corke and Nishita Desai and Philip Ilten and Stephen Mrenna and Stefan Prestel and Christine O. Rasmussen and Peter Z. Skands},
  title         = {An Introduction to PYTHIA 8.2},
  journal       = {Computer Physics Communications},
  year          = {2015},
  volume        = {191},
  pages         = {159--177},
  archiveprefix = {arXiv},
  doi           = {10.1016/j.cpc.2015.01.024},
  eprint        = {1410.3012},
  primaryclass  = {hep-ph},
  reportnumber  = {LU-TP-14-36, MCNET-14-22, CERN-PH-TH-2014-190, FERMILAB-PUB-14-316-CD, DESY-14-178, SLAC-PUB-16122},
  slaccitation  = {%%CITATION = ARXIV:1410.3012;%%},
}

@Article{Khachatryan:2015tra,
  author        = {Khachatryan, Vardan and others},
  title         = {{Search for neutral MSSM Higgs bosons decaying into a pair of bottom quarks}},
  journal       = {Journal of High Energy Physics},
  year          = {2015},
  volume        = {11},
  pages         = {071},
  archiveprefix = {arXiv},
  collaboration = {The CMS Collaboration},
  doi           = {10.1007/JHEP11(2015)071},
  eprint        = {1506.08329},
  primaryclass  = {hep-ex},
  reportnumber  = {CMS-HIG-14-017, CERN-PH-EP-2015-133},
  slaccitation  = {%%CITATION = ARXIV:1506.08329;%%},
}

@Article{Chatrchyan:2014nva,
  author        = {Chatrchyan, Serguei and others},
  title         = {Evidence for the 125 GeV Higgs boson decaying to a pair of $\tau$ leptons},
  journal       = {Journal of High Energy Physics},
  year          = {2014},
  volume        = {05},
  pages         = {104},
  archiveprefix = {arXiv},
  collaboration = {The CMS Collaboration},
  date          = {2014-01-20},
  doi           = {10.1007/JHEP05(2014)104},
  eprint        = {1401.5041v2},
  eprintclass   = {hep-ex},
  eprinttype    = {arXiv},
  primaryclass  = {hep-ex},
  reportnumber  = {CMS-HIG-13-004, CERN-PH-EP-2014-001},
  slaccitation  = {%%CITATION = ARXIV:1401.5041;%%},
}

@Article{Chatrchyan:2013qga,
  author        = {Chatrchyan, Serguei and others},
  title         = {{Search for a Higgs boson decaying into a b-quark pair and produced in association with b quarks in proton–proton collisions at 7 TeV}},
  journal       = {Physics Letters},
  year          = {2013},
  volume        = {B722},
  pages         = {207-232},
  archiveprefix = {arXiv},
  collaboration = {The CMS Collaboration},
  doi           = {10.1016/j.physletb.2013.04.017},
  eprint        = {1302.2892},
  primaryclass  = {hep-ex},
  reportnumber  = {CMS-HIG-12-033, CERN-PH-EP-2012-375},
  slaccitation  = {%%CITATION = ARXIV:1302.2892;%%},
}

@Article{Aad:2012cfr,
  author        = {Aad, Georges and others},
  title         = {{Search for the neutral Higgs bosons of the Minimal Supersymmetric Standard Model in $pp$ collisions at $\sqrt{s}=7$ TeV with the ATLAS detector}},
  journal       = {Journal of High Energy Physics},
  year          = {2013},
  volume        = {02},
  pages         = {095},
  archiveprefix = {arXiv},
  collaboration = {The ATLAS Collaboration},
  doi           = {10.1007/JHEP02(2013)095},
  eprint        = {1211.6956},
  primaryclass  = {hep-ex},
  reportnumber  = {CERN-PH-EP-2012-323},
  slaccitation  = {%%CITATION = ARXIV:1211.6956;%%},
}

@Article{Christensen:2012ei,
  author        = {Christensen, Neil D. and Han, Tao and Su, Shufang},
  title         = {{MSSM Higgs Bosons at The LHC}},
  journal       = {Physical Review},
  year          = {2012},
  volume        = {D85},
  pages         = {115018},
  archiveprefix = {arXiv},
  doi           = {10.1103/PhysRevD.85.115018},
  eprint        = {1203.3207},
  primaryclass  = {hep-ph},
  reportnumber  = {PITT-PACC-1201},
  slaccitation  = {%%CITATION = ARXIV:1203.3207;%%},
}

@Article{Chatrchyan:2012vp,
  author        = {Chatrchyan, Serguei and others},
  title         = {{Search for neutral Higgs bosons decaying to tau pairs in $pp$ collisions at $\sqrt{s}=7$ TeV}},
  journal       = {Physics Letters},
  year          = {2012},
  volume        = {B713},
  pages         = {68-90},
  archiveprefix = {arXiv},
  collaboration = {The CMS Collaboration},
  doi           = {10.1016/j.physletb.2012.05.028},
  eprint        = {1202.4083},
  primaryclass  = {hep-ex},
  reportnumber  = {CMS-HIG-11-029, CERN-PH-EP-2012-034},
  slaccitation  = {%%CITATION = ARXIV:1202.4083;%%},
}

@Article{CMS_Higgs_discovery,
  author        = {Serguei Chatrchyan and others},
  title         = {Observation of a new boson at a mass of 125 GeV with the CMS experiment at the LHC},
  journal       = {Physics Letters},
  year          = {2012},
  volume        = {B716},
  number        = {1},
  pages         = {30-61},
  issn          = {0370-2693},
  collaboration = {The CMS Collaboration},
  doi           = {https://doi.org/10.1016/j.physletb.2012.08.021},
  keywords      = {CMS, Physics, Higgs},
  url           = {http://www.sciencedirect.com/science/article/pii/S0370269312008581},
}

@Article{Cacciari:2011ma,
  author        = {Matteo Cacciari and Gavin P. Salam and Gregory Soyez},
  title         = {FastJet user manual},
  journal       = {European Physical Journal},
  year          = {2012},
  volume        = {C72},
  pages         = {1896},
  month         = nov,
  archiveprefix = {arXiv},
  doi           = {10.1140/epjc/s10052-012-1896-2},
  eprint        = {1111.6097},
  eprintclass   = {hep-ph},
  eprinttype    = {arXiv},
  file          = {online:http\://arxiv.org/pdf/1111.6097v1:PDF},
  keywords      = {hep-ph, hep-ex},
  primaryclass  = {hep-ph},
  reportnumber  = {CERN-PH-TH-2011-297},
  slaccitation  = {%%CITATION = ARXIV:1111.6097;%%},
}

@Article{Abazov:2011jh,
  author        = {Abazov, Victor Mukhamedovich and others},
  title         = {{Search for Higgs bosons decaying to $\tau\tau$ pairs in $p\bar {p}$ collisions at $\sqrt{s} = 1.96$ TeV}},
  journal       = {Physics Letters},
  year          = {2012},
  volume        = {B707},
  pages         = {323-329},
  archiveprefix = {arXiv},
  collaboration = {The D\O\ Collaboration},
  doi           = {10.1016/j.physletb.2011.12.050},
  eprint        = {1106.4555},
  primaryclass  = {hep-ex},
  reportnumber  = {FERMILAB-PUB-11-288-E},
  slaccitation  = {%%CITATION = ARXIV:1106.4555;%%},
}

@Article{ATLAS_Higgs_discovery,
  author        = {Aad, Georges and others},
  title         = {Observation of a new particle in the search for the Standard Model Higgs boson with the ATLAS detector at the LHC},
  journal       = {Physics Letters},
  year          = {2012},
  volume        = {B716},
  number        = {1},
  pages         = {1-29},
  issn          = {0370-2693},
  collaboration = {The ATLAS Collaboration},
  doi           = {https://doi.org/10.1016/j.physletb.2012.08.020},
  url           = {http://www.sciencedirect.com/science/article/pii/S037026931200857X},
}

@Article{Alwall:2011uj,
  author        = {Alwall, Johan and Herquet, Michel and Maltoni, Fabio and Mattelaer, Olivier and Stelzer, Tim},
  title         = {MadGraph 5 : Going Beyond},
  journal       = {Journal of High Energy Physics},
  year          = {2011},
  volume        = {06},
  pages         = {128},
  archiveprefix = {arXiv},
  doi           = {10.1007/jhep06(2011)128},
  eprint        = {1106.0522},
  primaryclass  = {hep-ph},
  reportnumber  = {FERMILAB-PUB-11-448-T},
  slaccitation  = {%%CITATION = ARXIV:1106.0522;%%},
}

@TechReport{CMS-NOTE-2011-005,
  title         = {{Procedure for the LHC Higgs boson search combination in Summer 2011}},
  institution   = {CERN},
  year          = {2011},
  number        = {CMS-NOTE-2011-005. ATL-PHYS-PUB-2011-11},
  address       = {Geneva},
  month         = aug,
  collaboration = {The ATLAS Collaboration, The CMS Collaboration, The LHC Higgs Combination Group},
  reportnumber  = {CMS-NOTE-2011-005},
  url           = {https://cds.cern.ch/record/1379837},
}

@Article{Alioli:2010xd,
  author        = {Alioli, Simone and Nason, Paolo and Oleari, Carlo and Re, Emanuele},
  title         = {A general framework for implementing NLO calculations in shower Monte Carlo programs: the POWHEG BOX},
  journal       = {Journal of High Energy Physics},
  year          = {2010},
  volume        = {06},
  pages         = {043},
  archiveprefix = {arXiv},
  doi           = {10.1007/jhep06(2010)043},
  eprint        = {1002.2581},
  primaryclass  = {hep-ph},
  reportnumber  = {DESY-10-018, SFB-CPP-10-22, IPPP-10-11, DCPT-10-22},
  slaccitation  = {%%CITATION = ARXIV:1002.2581;%%},
}

@Article{Aaltonen:2009vf,
  author        = {Aaltonen, T. and others},
  title         = {{Search for Higgs bosons predicted in two-Higgs-doublet models via decays to tau lepton pairs in 1.96 TeV p anti-p collisions}},
  journal       = {Physical Review Letters},
  year          = {2009},
  volume        = {103},
  pages         = {201801},
  archiveprefix = {arXiv},
  collaboration = {The CDF Collaboration},
  doi           = {10.1103/PhysRevLett.103.201801},
  eprint        = {0906.1014},
  primaryclass  = {hep-ex},
  reportnumber  = {FERMILAB-PUB-09-303-E-PPD},
  slaccitation  = {%%CITATION = ARXIV:0906.1014;%%},
}

@Article{cms_paper,
  author        = {Serguei Chatrchyan and others},
  title         = {The CMS experiment at the CERN LHC},
  journal       = {Journal of Instrumentation},
  year          = {2008},
  volume        = {3},
  number        = {08},
  pages         = {S08004},
  collaboration = {The CMS Collaboration},
  doi           = {10.1088/1748-0221/3/08/S08004},
  slaccitation  = {\%\%CITATION = JINST,3,S08004;\%\%},
  url           = {http://stacks.iop.org/1748-0221/3/i=08/a=S08004},
}

@Article{Cacciari:2008gp,
  author        = {Cacciari, Matteo and Salam, Gavin P. and Soyez, Gregory},
  title         = {{The Anti-$k_T$ jet clustering algorithm}},
  journal       = {Journal of High Energy Physics},
  year          = {2008},
  volume        = {04},
  pages         = {063},
  archiveprefix = {arXiv},
  doi           = {10.1088/1126-6708/2008/04/063},
  eprint        = {0802.1189},
  primaryclass  = {hep-ph},
  reportnumber  = {LPTHE-07-03},
  slaccitation  = {%%CITATION = ARXIV:0802.1189;%%},
}

@Article{Schael:2006cr,
  author        = {Schael, S. and others},
  title         = {{Search for neutral MSSM Higgs bosons at LEP}},
  journal       = {European Physical Journal},
  year          = {2006},
  volume        = {C47},
  pages         = {547-587},
  archiveprefix = {arXiv},
  collaboration = {DELPHI, OPAL, ALEPH, LEP Working Group for Higgs Boson Searches, L3},
  doi           = {10.1140/epjc/s2006-02569-7},
  eprint        = {hep-ex/0602042},
  primaryclass  = {hep-ex},
  reportnumber  = {CERN-PH-EP-2006-001},
  slaccitation  = {%%CITATION = HEP-EX/0602042;%%},
}

@Article{geant4,
  author   = {J. Allison and K. Amako and J. Apostolakis and H. Araujo and P. Arce Dubois and M. Asai and G. Barrand and R. Capra and S. Chauvie and R. Chytracek and G. A. P. Cirrone and G. Cooperman and G. Cosmo and G. Cuttone and G. G. Daquino and M. Donszelmann and M. Dressel and G. Folger and F. Foppiano and J. Generowicz and V. Grichine and S. Guatelli and P. Gumplinger and A. Heikkinen and I. Hrivnacova and A. Howard and S. Incerti and V. Ivanchenko and T. Johnson and F. Jones and T. Koi and R. Kokoulin and M. Kossov and H. Kurashige and V. Lara and S. Larsson and F. Lei and O. Link and F. Longo and M. Maire and A. Mantero and B. Mascialino and I. McLaren and P. Mendez Lorenzo and K. Minamimoto and K. Murakami and P. Nieminen and L. Pandola and S. Parlati and L. Peralta and J. Perl and A. Pfeiffer and M. G. Pia and A. Ribon and P. Rodrigues and G. Russo and S. Sadilov and G. Santin and T. Sasaki and D. Smith and N. Starkov and S. Tanaka and E. Tcherniaev and B. Tome and A. Trindade and P. Truscott and L. Urban and M. Verderi and A. Walkden and J. P. Wellisch and D. C. Williams and D. Wright and H. Yoshida},
  title    = {Geant4 developments and applications},
  journal  = {IEEE Transactions on Nuclear Science},
  year     = {2006},
  volume   = {53},
  number   = {1},
  pages    = {270--278},
  month    = feb,
  issn     = {0018-9499},
  doi      = {10.1109/tns.2006.869826},
  keywords = {physics computing; Geant4; astrophysics; high energy physics; performance optimization; space science; Application software; Astrophysics; Kernel; Large Hadron Collider; Medical simulation; Object oriented modeling; Physics; Production; Protection; Software tools; Electromagnetic interactions; hadronic interactions; object-oriented technology; particle interactions; physics validation; simulation},
}

@Article{Barate:2003sz,
  author        = {R. Barate and others},
  title         = {{Search for the standard model Higgs boson at LEP}},
  journal       = {Physics Letters},
  year          = {2003},
  volume        = {B565},
  pages         = {61--75},
  archiveprefix = {arXiv},
  collaboration = {OPAL, DELPHI, LEP Working Group for Higgs boson searches, ALEPH, L3},
  doi           = {10.1016/S0370-2693(03)00614-2},
  eprint        = {hep-ex/0306033},
  primaryclass  = {hep-ex},
  reportnumber  = {CERN-EP-2003-011},
  slaccitation  = {\%\%CITATION = HEP-EX/0306033;\%\%},
}

@Online{CERN_web,
  author = {CERN},
  title  = {{The World Wide Web Project}},
  year   = {1989},
  url    = {http://info.cern.ch/hypertext/WWW/TheProject.html},
}

@Article{PDG_booklet_2014,
  author        = {K.A. Olive and others},
  title         = {{Review of Particle Physics}},
  journal       = {Chinese Physics},
  year          = {2014},
  volume        = {C38},
  collaboration = {Particle Data Group},
  doi           = {10.1088/1674-1137/38/9/090001},
}

@Article{PDG_booklet_2016,
  author        = {C. Patrignani and others},
  title         = {{Review of Particle Physics}},
  journal       = {Chinese Physics},
  year          = {2016},
  volume        = {C40},
  collaboration = {Particle Data Group},
  doi           = {10.1088/1674-1137/40/10/100001},
}

@Article{habemus_MSSM,
  author      = {A. Djouadi and L. Maiani and G. Moreau and A. Polosa and J. Quevillon and V. Riquer},
  title       = {The post-Higgs MSSM scenario: Habemus MSSM?},
  journal     = {The European Physical Journal},
  year        = {2013},
  volume      = {C 73},
  number      = {12},
  pages       = {2650},
  issn        = {1434-6052},
  abstract    = {We analyze the Minimal Supersymmetric extension of the Standard Model that we have after the discovery of the Higgs boson at the LHC, the hMSSM (habemus MSSM?), i.e. a model in which the lighter $h$ boson has a mass of approximately 125 GeV which, together with the non-observation of superparticles at the LHC, indicates that the SUSY-breaking scale $M_S$ is rather high, $M_S > 1$ TeV. We first demonstrate that the value $M_h \approx 125$ GeV fixes the dominant radiative corrections that enter the MSSM Higgs boson masses, leading to a Higgs sector that can be described, to a good approximation, by only two free parameters. In a second step, we consider the direct supersymmetric radiative corrections and show that, to a good approximation, the phenomenology of the lighter Higgs state can be described by its mass and three couplings: those to massive gauge bosons and to top and bottom quarks. We perform a fit of these couplings using the latest LHC data on the production and decay rates of the light $h$ boson and combine it with the limits from the negative search of the heavier $H,A$ and $H^\pm$ states, taking into account the current uncertainties.},
  date        = {2013-07-19},
  doi         = {10.1140/epjc/s10052-013-2650-0},
  eprint      = {1307.5205v1},
  eprintclass = {hep-ph},
  eprinttype  = {arXiv},
  file        = {online:http\://arxiv.org/pdf/1307.5205v1:PDF},
  keywords    = {hep-ph, hep-ex},
}

@Article{PDG_booklet_2018,
  author        = {M. Tanabashi and others},
  title         = {{Review of Particle Physics}},
  journal       = {Phys. Rev.},
  year          = {2018},
  volume        = {D98},
  month         = aug,
  collaboration = {Particle Data Group},
  doi           = {10.1103/PhysRevD.98.030001},
}

@PhdThesis{colin-these,
  author = {Colin Bernet},
  title  = {Caractérisation des détecteurs Micromégas et mesure de la polarisation des gluons sur COMPASS},
  school = {Paris 7 - Denis Diderot},
  year   = {2004},
  month  = may,
  url    = {http://cds.cern.ch/record/1482660},
}

@Article{colin-hdr,
  author = {Colin Bernet},
  title  = {Reconstruction du flux de particules et mise en évidence de la désintégration du boson de Higgs en paire de $\tau$ avec CMS},
  year   = {2017},
  series = {Thèse d'HDR},
  url    = {https://drive.google.com/open?id=0B3nnTYQibadjVkVvUi03cGRiYlk},
}

@Article{JHEP09-2018-007,
  author        = {A.M. Sirunyan and others},
  title         = {Search for additional neutral MSSM Higgs bosons in the $\tau\tau$ final state in proton-proton collisions at $\sqrt{s}=13\,\rm TeV$},
  journal       = {Journal of High Energy Physics},
  year          = {2018},
  volume        = {9},
  month         = sep,
  issn          = {1029-8479},
  collaboration = {The CMS Collaboration},
  doi           = {10.1007/JHEP09(2018)007},
}

@Article{CMS-NOTE-2018-257,
  author  = {Janik Andrejkovic and Martin Flechl and Markus Spanring and Florian Spreitzer},
  title   = {Data-driven background estimation of fake-tau backgrounds in di-tau final states with 2016 and 2017 data},
  journal = {CMS analysis Note},
  year    = {2018},
  month   = oct,
}

@Misc{dask-website,
  title = {Dask: Scalable analytics in Python},
  url   = {https://dask.org/},
}

@Comment{jabref-meta: databaseType:bibtex;}
